<?xml version="1.0" encoding="UTF-8"?><collection xmlns="http://www.loc.gov/MARC21/slim"><record><leader>00398nam--2200157-i-4500</leader><controlfield tag="001">000023709</controlfield><controlfield tag="002">20161230</controlfield><controlfield tag="005">20170111235607</controlfield><controlfield tag="008">060222s1000------------r-----000-0-eng-d</controlfield><datafield ind1=" " ind2=" " tag="080"><subfield code="a">620.191:538.971</subfield></datafield><datafield ind1=" " ind2=" " tag="245"><subfield code="a">Ion beam surface layer analysis</subfield></datafield><datafield ind1=" " ind2=" " tag="260"><subfield code="a">New York</subfield><subfield code="b">Plenum Press</subfield><subfield code="c">1975</subfield></datafield><datafield ind1=" " ind2=" " tag="300"><subfield code="a">XVII+494 p.+/XIX+XXVI</subfield></datafield><datafield ind1=" " ind2=" " tag="700"><subfield code="a">Linker, G</subfield></datafield><datafield ind1=" " ind2=" " tag="852"><subfield code="a">45600</subfield></datafield><datafield ind1=" " ind2=" " tag="CAT"><subfield code="a">SYS</subfield><subfield code="c">20170111</subfield><subfield code="h">235607</subfield></datafield></record></collection>